@book{kovacs2002redes,
  title = {Redes neurais artificiais},
  author = {Kov{\'a}cs, Zsolt L{\'a}szl{\'o}},
  year = {2002},
  publisher={Editora Livraria da Fisica}
}

@article{Miranda,
author = {Miranda, V and Castro, Adriana and Lima, Shigeaki},
year = {2012},
month = {07},
pages = {1350-1357},
title = {Diagnosing Faults in Power Transformers With Autoassociative Neural Networks and Mean Shift},
volume = {27},
journal = {IEEE Transactions on Power Delivery - IEEE TRANS POWER DELIVERY},
doi = {10.1109/TPWRD.2012.2188143}
}

@book{haykin2007redes,
  title = {Redes neurais: princ{\'\i}pios e pr{\'a}tica},
  author = {Haykin, Simon},
  year = {2007},
  publisher = {Bookman Editora}
}

@article{fraley2007model,
  title = {Model-based methods of classification: using the mclust software in chemometrics},
  author = {Fraley, Chris and Raftery, Adrian E and others},
  journal = {Journal of Statistical Software},
  volume = {18},
  number = {6},
  pages = {1--13},
  year = {2007}
}